<?xml version="1.0" encoding="UTF-8"?><collection xmlns="http://www.loc.gov/MARC21/slim"><record><leader>00362nam--2200133-i-4500</leader><controlfield tag="001">000015358</controlfield><controlfield tag="002">20161230</controlfield><controlfield tag="005">20161230201031</controlfield><controlfield tag="008">060222s1000------------r-----000-0-eng-d</controlfield><datafield ind1=" " ind2=" " tag="245"><subfield code="a">Carcinogenicity and metal ions</subfield></datafield><datafield ind1=" " ind2=" " tag="260"><subfield code="a">New York, Marcel Dekker, Inc., 1980</subfield></datafield><datafield ind1=" " ind2=" " tag="490"><subfield code="a">Metal Ions In Biological Systems</subfield></datafield><datafield ind1=" " ind2=" " tag="700"><subfield code="a">Sigel, Helmut</subfield></datafield><datafield ind1=" " ind2=" " tag="852"><subfield code="a">577.1:543:61.006.6</subfield></datafield></record></collection>